<record><leader>00000cas a2200000Ia 4500</leader><controlfield tag="001">29526026</controlfield><controlfield tag="007">hd afb---buuu</controlfield><controlfield tag="008">931220d18021832mduwr nea     0    0eng  </controlfield><datafield ind1=" " ind2=" " tag="010"><subfield code="a">sn 83016295 </subfield></datafield><datafield ind1=" " ind2=" " tag="040"><subfield code="a">DLC</subfield><subfield code="b">eng</subfield><subfield code="c">DLM</subfield><subfield code="d">OCLCQ</subfield></datafield><datafield ind1="0" ind2="4" tag="082"><subfield code="a">975.287</subfield></datafield><datafield ind1="0" ind2="0" tag="245"><subfield code="a">Frederick-Town herald.</subfield></datafield><datafield ind1=" " ind2=" " tag="260"><subfield code="a">Frederick-Town, Md. :</subfield><subfield code="b">Printed by John P. Thomson</subfield></datafield><datafield ind1=" " ind2=" " tag="300"><subfield code="a">volumes</subfield></datafield><datafield ind1=" " ind2=" " tag="310"><subfield code="a">Weekly</subfield></datafield><datafield ind1=" " ind2=" " tag="336"><subfield code="a">text</subfield><subfield code="b">txt</subfield><subfield code="2">rdacontent</subfield></datafield><datafield ind1=" " ind2=" " tag="337"><subfield code="a">microform</subfield><subfield code="b">h</subfield><subfield code="2">rdamedia</subfield></datafield><datafield ind1=" " ind2=" " tag="338"><subfield code="a">microfilm reel</subfield><subfield code="b">hd</subfield><subfield code="2">rdacarrier</subfield></datafield><datafield ind1="0" ind2=" " tag="362"><subfield code="a">Vol. 1, no. 1 (June 19, 1802)-v. 31, no. 43 (Jan. 21, 1832).</subfield></datafield><datafield ind1=" " ind2=" " tag="500"><subfield code="a">Published as: Frederick Town herald, Nov. 27, 1830-1832.</subfield></datafield><datafield ind1=" " ind2=" " tag="533"><subfield code="a">Microfilm.</subfield><subfield code="b">Baltimore :</subfield><subfield code="c">Photo &amp; Blue Print Co.,</subfield><subfield code="d">19 -</subfield><subfield code="e">microfilm reels ; 35 mm.</subfield></datafield><datafield ind1=" " ind2=" " tag="539"><subfield code="a">d</subfield><subfield code="b">1802</subfield><subfield code="c">1932</subfield><subfield code="d">mdu</subfield><subfield code="e">u</subfield><subfield code="f">u</subfield><subfield code="g">a</subfield></datafield><datafield ind1=" " ind2=" " tag="752"><subfield code="a">United States</subfield><subfield code="b">Maryland</subfield><subfield code="c">Frederick</subfield><subfield code="d">Frederick.</subfield></datafield><datafield ind1="0" ind2="0" tag="785"><subfield code="t">Frederick herald</subfield><subfield code="w">(DLC)sn 83016296</subfield></datafield></record>